@misc{ dataset,
  author = "Balraj Ashwath",
  title = "DeepGlobe Road Extraction Dataset",
  year = "2020",
  url = "https://www.kaggle.com/datasets/balraj98/deepglobe-road-extraction-dataset/data"
}


@misc{ segmodels,
  author = "Pavel Yakubovskiy",
  title = "Segmentation Models",
  year = "2018",
  url = "https://github.com/qubvel/segmentation_models/tree/master"
}


@Article{ref3,
AUTHOR = {Ozturk, Ozan and Isik, Mustafa Serkan and Kada, Martin and Seker, Dursun Zafer},
TITLE = {Improving Road Segmentation by Combining Satellite Images and LiDAR Data with a Feature-Wise Fusion Strategy},
JOURNAL = {Applied Sciences},
VOLUME = {13},
YEAR = {2023},
NUMBER = {10},
ARTICLE-NUMBER = {6161},
URL = {https://www.mdpi.com/2076-3417/13/10/6161},
ISSN = {2076-3417},
DOI = {10.3390/app13106161}
}


@article{ref2,
    author = "Nithish Murugesan",
    title = {Satellite Imagery Road Segmentation},
    journal = {Medium},
    year = {2022},
    url = {https://medium.com/@nithishmailme/satellite-imagery-road-segmentation-ad2964dc3812}
}

@article{ref1,
    author = "Manoj Kumar Sachan, Vidhi Chaudhary, Preetpal Kaur Buttar",
    title = {Satellite imagery analysis for road segmentation using U-Net architecture},
    journal = {The Journal of Supercomputing},
    year = {2022},
    url = {https://link.springer.com/article/10.1007/s11227-022-04379-6}
}

@misc{ g4g,
  author = "GeeksForGeeks",
  title = "U-Net Architecture Explained",
  year = "2023",
  url = "https://www.geeksforgeeks.org/u-net-architecture-explained/"
}





@BOOK{Cox2008,
    author = {Cox, Ingemar and Miller, Matthew and Bloom, Jeffrey and Fridrich, Jessica  and Kalker, Ton},
    title = {Digital Watermarking and Steganography},
    publisher = {Morgan Kaufmann Publishers},
    year = {2008},
    edition = {2nd},
    isbn = {978-0-12-372585-1},
}

@misc{ wikipedia,
  author = "Wikipedia",
  title = "Plagiarism --- {W}ikipedia{,} The Free Encyclopedia",
  year = "2004",
  url = "\url{http://en.wikipedia.org/w/index.php?title=Plagiarism&oldid=5139350}",
  note = "[Online; accessed 22-July-2004]"
}

@INPROCEEDINGS{zemcik2006,
   author = {Pavel Zem{\v c}{\' i}k and Adam Herout and V{\' i}t{\v e}zslav Beran and Ji{\v r}{\' i}Gran{\' a}t},
   title = {Hardware Accelerated Image Analysis in FPGA},
   pages = {4},
   booktitle = {Proceedings of SCCG},
   year = {2006},
   location = {{\v C}ast{\' a}--Papierni{\v c}ka, SK},
   publisher = {Comenius University in Bratislava},
   ISBN = {80-223-2175-3},
   language = {english},
   url = {http://www.fit.vutbr.cz/research/view_pub.php?id=8141}
}